<?xml version="1.0" encoding="UTF-8"?><collection xmlns="http://www.loc.gov/MARC21/slim"><record><leader>00507nam--2200169-i-4500</leader><controlfield tag="001">000030507</controlfield><controlfield tag="002">20161230</controlfield><controlfield tag="005">20170111233423</controlfield><controlfield tag="008">060222s1000------------r-----000-0-eng-d</controlfield><datafield ind1=" " ind2=" " tag="100"><subfield code="a">Lynch, W. A</subfield></datafield><datafield ind1=" " ind2=" " tag="245"><subfield code="a">Introductory system analysis. Signals and systems in electrical engineering</subfield></datafield><datafield ind1=" " ind2=" " tag="260"><subfield code="a">New York</subfield><subfield code="b">McGraw-Hill Book Co., Inc</subfield><subfield code="c">1961</subfield></datafield><datafield ind1=" " ind2=" " tag="300"><subfield code="a">XXIII + 445 p.+ A5</subfield></datafield><datafield ind1=" " ind2=" " tag="490"><subfield code="a">Brooklyn Polytechnic Institute Series</subfield></datafield><datafield ind1=" " ind2=" " tag="700"><subfield code="a">Truxal, John G</subfield></datafield><datafield ind1=" " ind2=" " tag="852"><subfield code="a">16326</subfield></datafield><datafield ind1=" " ind2=" " tag="CAT"><subfield code="a">SYS</subfield><subfield code="c">20170111</subfield><subfield code="h">233423</subfield></datafield></record></collection>